3809 5075
433 548 438 559 ·
504 526 558 617 16
899 516 978 607 Dn
1013 515 1255 605 Cnncuto

580 718 647 810 11.
710 716 945 831 Quaerantur
973 741 1109 801 omnes
1136 715 1321 803 divisores
1350 721 1501 804 numeri
1529 714 1584 802 M
1614 746 1707 813 120,

437 838 638 953 Dispone‚
667 850 713 919 ut
741 838 781 919 in
809 832 996 947 superiori
1023 832 1212 947 exemplo
1252 830 1398 917 sedium
1443 835 1532 939 est,
1572 863 1707 925 omnes
1743 852 1751 865 ·

437 955 622 1043 divisores
650 950 837 1063 simplices
865 950 961 1036 infra
989 948 1052 1054 N,
1080 949 1123 1031 dt
1151 962 1297 1058 quotos
1337 948 1407 1035 sub
1443 947 1536 1035 dato
1574 978 1706 1041 nume·

438 1096 484 1157 ro
512 1069 610 1154 infra
638 1072 701 1152 M.
730 1066 885 1151 Deinde
913 1065 992 1163 duc
1019 1068 1191 1181 primum
1219 1061 1425 1151 divisorem
1441 1068 1480 1150 in
1496 1064 1706 1156 secundum
1815 1169 1816 1173 Ν

438 1189 479 1271 dt
508 1181 742 1297 produdium
770 1208 873 1293 pone
901 1180 951 1266 ad
979 1182 1079 1267 latus
1118 1178 1273 1266 secundi
1308 1178 1494 1267 divisoris.
1563 1180 1708 1271 Postea
1815 1247 1816 1250 w

309 1379 312 1387 ,
437 1300 518 1387 duo
547 1300 659 1413 primi
688 1294 873 1383 divisores
903 1297 944 1379 e
975 1292 1209 1407 produdium
1236 1296 1356 1379 modo
1397 1298 1601 1382 inventum
1638 1300 1708 1385 du·
1803 1253 1817 1345 ⁴

437 1430 571 1501 cantur
600 1416 822 1497 intertium
850 1409 1082 1514 divisorem,
1112 1412 1153 1495 dr
1181 1409 1324 1524 singula
1351 1409 1553 1523 produdir,
1583 1440 1706 1500 unum

435 1531 522 1644 post
551 1524 657 1615 aliud
685 1543 879 1641 ponantur
914 1526 965 1612 ad
1000 1527 1100 1615 latus
1133 1525 1251 1643 ipfius
1290 1530 1392 1612 tertii
1431 1526 1637 1633 divisoris,
1664 1532 1706 1615 dt
1815 1623 1816 1628 Ν

435 1646 487 1729 fic
515 1646 696 1757 deinceps
738 1642 939 1756 operando
978 1644 1229 1729 inveniuntur
1266 1664 1401 1729 omnes
1437 1640 1518 1731 dati
1555 1650 1704 1733 numeri
1815 1663 1816 1702 ¹

434 1758 655 1866 muneres,
682 1774 727 1845 ut
755 1758 852 1847 infra
881 1770 1056 1871 apparet

551 1986 605 2075 M
745 1986 795 2083 N

526 2127 610 2197 120
754 2128 793 2193 2.

548 2220 609 2311 60
754 2244 795 2309 n.
850 2242 892 2327 4

553 2363 611 2450 30
752 2360 790 2425 n.
850 2348 890 2433 8.

551 2474 604 2565 15
751 2480 790 2564 3.
849 2454 888 2542 6.
922 2472 1083 2558 manu.

579 2589 605 2682 5
751 2591 791 2682 5.
827 2595 888 2659 10.
917 2591 986 2656 no.
1013 2591 1086 2677 40.
1119 2583 1183 2682 15.
1219 2593 1287 2681 30.
1316 2569 1384 2655 6o
1418 2590 1512 2656 uo

578 2711 600 2775 1
1288 2706 1293 2714 .

499 2915 574 3004 III
602 2916 664 3004 Sit
687 2919 881 3026 quantitas
911 2909 1028 2995 aabcd
1039 2967 1053 3010 ,
1083 2909 1193 3018 cujus
1220 2932 1355 2996 onmes
1382 2911 1570 3002 divisores
1596 2941 1702 3030 quae·

430 3049 593 3121 runtur.
647 3029 901 3115 inveniantur
919 3027 1200 3138 primoomnes
1225 3025 1410 3114 divisores
1432 3025 1623 3142 simplices
1651 3062 1700 3137 a,

431 3175 479 3248 a,
509 3149 560 3249 h,
590 3173 631 3247 r,
658 3146 705 3244 d,
735 3147 803 3252 qui
834 3157 1027 3254 ponantur
1052 3139 1400 3259 iniraB,finguii
1427 3163 1558 3232 autem
1585 3153 1699 3260 quoti
1813 3243 1814 3265 Ν

428 3262 528 3348 infra
555 3258 605 3347 A.
672 3259 830 3346 Deinde
857 3256 1040 3351 ducendo
1068 3257 1278 3345 divisorem
1303 3263 1470 3373 primum
1499 3266 1538 3348 in
1567 3262 1699 3350 secun·
1813 3272 1814 3287 '

427 3377 550 3483 dum,
568 3376 743 3496 ‘habetur
759 3371 994 3490 produdium
1022 3401 1098 3476 aa,
1127 3373 1235 3488 quod
1254 3381 1416 3487 ponitur
1441 3373 1494 3463 ad
1523 3382 1625 3464 latus
1645 3377 1700 3467 se·

170 3509 179 3526 ·
268 3581 276 3588 ,
430 3493 549 3580 cundi
563 3492 737 3579 divisoris
767 3521 801 3578 a.
857 3491 1038 3580 Similiter
1058 3491 1238 3576 ducendo
1254 3497 1412 3578 tertium
1435 3494 1698 3584 divisoremb

423 3613 464 3696 in
482 3634 616 3694 omnes
635 3609 867 3720 quantitates
886 3608 998 3718 supra
1024 3605 1264 3708 existentes,
1291 3605 1479 3701 habentur
1502 3605 1694 3723 producta

424 3726 494 3824 ab,
522 3725 563 3808 δι
592 3725 686 3830 aab,
714 3748 802 3833 quae
821 3719 1034 3806 scribuntur
1050 3721 1100 3804 ad
1122 3723 1221 3806 latus
1236 3723 1354 3838 ipfius
1372 3725 1549 3811 divisoris
1578 3727 1630 3830 b,
1655 3726 1696 3809 dt

420 3839 478 4042 {rc
494 3839 680 4042 deinceps?
706 3836 978 3954 prosequendo
1005 3835 1197 3926 habentur
1225 3865 1361 3960 omues
1387 3840 1574 3932 divisores
1592 3863 1695 3957 quae·

436 3959 510 4067 nti,
537 3957 644 4042 utin
678 3980 725 4042 a.

1592 4299 1640 4394 A
