3809 5075
540 534 904 625 sunnonouunn.
934 533 1052 623 Cnn.
1081 530 1117 623 Ι.
1206 561 1208 566 ·
1351 529 1404 655 1⁴5
1474 520 1478 526 ⁸

373 738 1113 851 PROPOSITIO
1202 736 1290 853 IXss

271 944 420 1045 Dutae
461 938 725 1073 quantitatis
753 934 957 1063 diuistrrts
990 967 1135 1045 omnes
1170 938 1379 1044 inuenire.

76 1239 94 1364 5
194 1202 231 1293 1
356 1200 429 1291 Sto
459 1224 638 1289 numerus
672 1221 779 1314 150,
820 1196 929 1311 cujus
965 1198 1099 1319 singuli
1135 1202 1327 1293 divisores
1359 1227 1464 1317 quae·

204 1326 212 1363 ²
384 1336 529 1403 rumor.
586 1319 739 1404 Divide
766 1318 872 1402 illum
900 1342 973 1431 per
1002 1342 1026 1405 2
1059 1324 1099 1406 dn
1128 1336 1295 1431 quotum
1319 1342 1372 1431 75
1392 1348 1462 1434 po·

77 1479 78 1513 3
195 1462 247 1523 ne
276 1435 344 1520 sub
374 1433 458 1547 ipso
487 1460 650 1518 numero
678 1432 912 1533 dividendo,
940 1449 985 1517 ut
1013 1438 1053 1518 in
1081 1432 1135 1538 A,
1164 1436 1375 1520 divisorem
1400 1460 1464 1520 au·

196 1569 281 1635 tem
310 1576 333 1635 a
367 1552 406 1632 in
435 1546 478 1631 Β.
542 1548 700 1633 Deinde
728 1549 822 1657 quia
849 1560 958 1631 totus
991 1569 1044 1659 75
1076 1551 1199 1635 dividi
1228 1576 1309 1635 non
1338 1550 1465 1663 potest

195 1684 274 1781 per
302 1689 326 1751 a
358 1662 435 1747 fine
463 1662 639 1764 residuo,
668 1661 801 1745 divide
829 1661 940 1743 illum
968 1688 1040 1773 per
1073 1690 1095 1776 3
1136 1667 1177 1749 dt
1217 1691 1325 1780 pone
1365 1692 1462 1777 quo·

196 1800 284 1867 tum
313 1804 338 1864 a
344 1800 367 1889 5
399 1782 439 1863 in
467 1779 542 1882 Α,
568 1775 774 1860 divisorem
801 1788 930 1861 autem
960 1778 1002 1859 in
1031 1774 1075 1863 Β.
1123 1776 1263 1864 Postea
1299 1796 1464 1891 quotum

77 1922 78 1999 j
199 1922 225 1984 2
230 1918 254 2007 5
288 1892 404 2005 (cum
430 1894 628 2003 adaequate
657 1890 777 1977 dividi
804 1904 970 1999 nequeat
997 1916 1071 2005 per
1102 1894 1152 2003 3)
1182 1892 1313 1979 divide
1341 1919 1412 2005 per

77 2025 78 2111 3
198 2014 240 2097 u
270 2026 434 2121 quotum
463 2032 567 2120 pone
597 2008 637 2091 in
666 2002 706 2089 A
713 2068 728 2112 ,
762 2000 976 2092 divisorem
1004 2008 1043 2091 in
1074 2004 1116 2094 B.
1163 2010 1337 2095 Demum
1368 2036 1466 2118 quo·

77 2194 78 2197 κ
196 2142 264 2212 tus
279 2146 319 2233 5
352 2120 496 2207 divisus
522 2148 594 2235 per
625 2142 678 2233 5,
708 2124 776 2207 dat
805 2133 971 2231 quotum
1004 2148 1043 2224 τ,
1071 2116 1298 2235 ponendum
1323 2132 1363 2209 in
1402 2121 1466 2232 A,

77 2227 79 2246 '
197 2238 326 2354 posito
354 2238 520 2323 divisore
551 2257 573 2347 5
606 2241 645 2321 in
673 2234 716 2321 B.
765 2234 1016 2346 Habenturj
1109 2267 1246 2329 omnes
1276 2238 1463 2326 divisores
1540 2327 1542 2330 ,

77 2350 78 2371 ¹
198 2354 383 2468 implices
410 2353 490 2438 dati
517 2356 692 2455 numeri,
719 2348 795 2436 hoc
822 2352 876 2436 est
906 2376 950 2451 a,
983 2378 1025 2461 5,
1059 2376 1099 2465 5,
1130 2377 1168 2468 5.
1614 2430 1617 2435 .

318 2466 384 2554 Ut
410 2466 622 2554 habeantur
650 2468 832 2554 divisores
869 2469 1093 2580 compositi,
1122 2474 1342 2585 multiplica
1385 2476 1463 2586 pri·

197 2607 310 2674 muun
338 2583 542 2668 divisorem
573 2609 596 2670 a
625 2605 698 2694 per
725 2583 940 2670 secundum
973 2610 1014 2693 3,
1042 2591 1084 2672 dn
1110 2614 1215 2700 pone
1226 2587 1464 2702 produdlum

201 2699 311 2786 6'ad
339 2697 538 2784 dexteram
565 2699 729 2807 ejusdem
747 2699 901 2784 secundi
915 2701 1089 2784 divisoris
1111 2731 1147 2807 3.
1205 2703 1364 2788 Deinde
1378 2704 1460 2788 duo

232 2817 317 2901 rimi
337 2811 525 2900 divisores
547 2816 588 2898 dt
604 2810 837 2926 produdlum
856 2813 890 2894 (t
907 2813 1209 2924 multiplicentur
1220 2843 1291 2926 per
1304 2821 1461 2900 tertium

77 2971 78 2976 ε
200 2841 409 3018 Κῖνίῑοτετττ
440 2949 481 3040 5,
509 2931 549 3014 dt
577 2927 767 3040 produd‘ta
802 2958 869 3036 10,
903 2951 972 3040 15,
1003 2953 1056 3037 5ο
1087 2949 1282 3038 ponantur
1310 2928 1359 3013 ad
1367 2927 1463 3014 dex·

201 3061 324 3132 teram
352 3046 468 3160 ipsius
496 3044 673 3130 divisoris
691 3066 727 3156 5.
756 3039 931 3130 Demum
947 3045 1250 3156 multiplicentur
1267 3073 1338 3158 per
1352 3070 1463 3155 quar·

77 3185 79 3273 l
201 3173 287 3250 tum
312 3158 520 3248 divisorem
547 3182 571 3274 5
606 3187 740 3247 munes
767 3164 914 3246 numeri
934 3160 1017 3272 jam
1046 3165 1217 3268 inventi,
1245 3164 1287 3246 du
1307 3154 1465 3259 habebis

77 3351 79 3390 7
204 3299 278 3390 25,
311 3297 389 3390 5ο,
420 3299 497 3390 75,
529 3298 634 3390 150,
663 3278 732 3390 qui
755 3275 874 3388 juxta
902 3274 1025 3386 ipsum
1054 3275 1232 3382 ultimum
1257 3275 1465 3360 divisorem

203 3411 478 3508 apponuntur,
507 3410 552 3478 ut
581 3393 676 3478 infra
704 3409 828 3506 patet
904 3391 976 3480 Ex
1004 3393 1229 3505 compositis
1259 3393 1364 3478 idem
1399 3417 1466 3478 nu·
1559 3399 1564 3405 ’

77 3523 78 3610 3
202 3529 333 3600 merus
361 3507 421 3598 bis
435 3534 527 3710 alon
554 3513 720 3708 ponifiu.
1320 3542 1323 3553 ·
1525 3529 1529 3538 ·

410 3763 492 3852 150
636 3763 676 3826 a.
765 3829 767 3834 .

378 3877 490 3968 ..75
585 3881 676 3970 .a·
736 3855 776 3946 ⁶·

435 3991 490 4082 25
639 3994 675 4086 5.
710 3999 774 4062 10.
836 3993 900 4086 15.
959 3999 1026 4084 5ο.
1183 4036 1222 4050 .,

275 4183 283 4191 .
466 4109 489 4192 5
638 4111 674 4204 5·
705 4111 771 4205 25·
833 4111 902 4205 50·
962 4113 1030 4204 ts·
1093 4105 1188 4203 150.

1826 3964 1830 4108 l

468 4229 489 4290 1
1826 4174 1829 4287 l

435 4345 440 4368 f
1097 4465 1099 4468 Α
1230 4312 1427 4437 ILQuae·
1547 4487 1568 4514 .
1823 4320 1829 4530 1

1675 4560 1830 4674 ,ἱ
